<?xml version="1.0" encoding="UTF-8"?><collection xmlns="http://www.loc.gov/MARC21/slim"><record><leader>00475nam--2200133-i-4500</leader><controlfield tag="001">000039237</controlfield><controlfield tag="002">20161230</controlfield><controlfield tag="005">20161230201042</controlfield><controlfield tag="008">060222s1000------------r-----000-0-eng-d</controlfield><datafield ind1=" " ind2=" " tag="080"><subfield code="a">543.422.25(043)</subfield></datafield><datafield ind1=" " ind2=" " tag="100"><subfield code="a">Rivet,Paulette</subfield></datafield><datafield ind1=" " ind2=" " tag="245"><subfield code="a">Etude de la confirmation moleculaire et de la conjugaison dans une serie d` -cyanocinnamonitriles et d` -cyanocinnamates d`etyle e e z. determination et interpretation des spectres..</subfield></datafield><datafield ind1=" " ind2=" " tag="260"><subfield code="a">Rennes, Univ. 1974. 153 P</subfield></datafield><datafield ind1=" " ind2=" " tag="852"><subfield code="a">77905</subfield></datafield></record></collection>